<?xml version="1.0" encoding="UTF-8"?><collection xmlns="http://www.loc.gov/MARC21/slim"><record><leader>00423nam--2200157-i-4500</leader><controlfield tag="001">000041026</controlfield><controlfield tag="002">20161230</controlfield><controlfield tag="005">20170113011056</controlfield><controlfield tag="008">060222s1000------------r-----000-0-eng-d</controlfield><datafield ind1=" " ind2=" " tag="080"><subfield code="a">389.6:621.9</subfield></datafield><datafield ind1=" " ind2=" " tag="245"><subfield code="a">Scule aschietoare. (standarde si comentarii)</subfield></datafield><datafield ind1=" " ind2=" " tag="260"><subfield code="a">Bucuresti</subfield><subfield code="b">Ed.Tehnica</subfield><subfield code="c">1973</subfield></datafield><datafield ind1=" " ind2=" " tag="300"><subfield code="a">820 p</subfield></datafield><datafield ind1=" " ind2=" " tag="490"><subfield code="a">Biblioteca Standardizarii, Seria Tehnica A</subfield></datafield><datafield ind1=" " ind2=" " tag="852"><subfield code="a">31767</subfield></datafield><datafield ind1=" " ind2=" " tag="CAT"><subfield code="a">SYS</subfield><subfield code="c">20170113</subfield><subfield code="h">011056</subfield></datafield></record></collection>